@article{1,
author="X. W. Gao and L. Padladchikova and D. Shaposhnikov and K. Hong and N. Shevtsova",
title="Recognition of traffic signs based on their colour and shape features extracted using human vision models",
journal =      "Journal of Visual Communication and Image Representation",
volume =       "17",
number =       "4",
pages =        "675--685",
year =         "2006",
DOI =          "10.1016/j.jvcir.2005.10.003",
keywords =     "Transformation invariant recognition; Traffic signs recognition; Feature extraction"
}

@article{2,
author="Escalera, S. and Baró, X. and Pujon, O. and Vitria, J. and Radeva, P.",
title="Traffic-Sign Recognition Systems",
journal =      "Journal of Visual Communication and Image Representation",
volume =       "VI",
year =         "2011"
} 

@unpublished{3,
author="Karla Brkic",
title="An overview of traffic sign detection methods",
year="2010"
}

@unpublished{4,
author="Adrian Ford and Alan Roberts",
title="Colour Space Conversions",
year="1998"
}

@unpublished{5,
author="Michael A. Nielsen",
title="Neural Networks and Deep Learning",
year="2014"
}

@unpublished{6,
author="John Hatzidimos",
title="Automatic traffic sign recognition in digital images",
year="2004"
}

@article{7,
author="Ron Ohlander and Keith Price and D. Raj Reddy",
title="Picture segmentation using a recursive region splitting method",
year="1978",
journal =      "Computer graphics and image processing",
volume =       "8",
pages =        "313--333",
}


@book{8,
author="L.D.o.T.",
publisher="London Department for Transport",
title="Know your traffic signs official edition",
year="2010"
}

@misc{9,
howpublished = "\url{http://benchmark.ini.rub.de/?section=gtsdb&subsection=dataset}",
}

@unpublished{10,
author="Lehel Csató",
title="A neurális hálózatok alapjai"
}

@book{11,
author="Simon Haykin",
publisher="Pearson Education Inc.",
title="Neural Networks And Learning Machines Third Edition",
year="2009"
}

@book{12,
author="Simon Haykin",
publisher="Pearson Education Inc.",
title="Neural Networks A Comprehensive Foundation Second Edition",
year="1999"
}

@book{13,
author="Christopher M. Bishop",
publisher="Springer",
title="Information Science and Statistics",
year="2006"
}

@book{14,
author="Stuart Russell and Peter Norvig",
publisher="Pearson Education Inc.",
title="Artificial Intelligence A modern Approach Third Edition",
year="2010"
}

@book{15,
author="Richard Szeliski",
publisher="Springer",
title="Computer Vision: Algorithms and Applications",
year="2010"
}

@unpublished{16,
author="Tomas Mainer",
title="Genetic Algorithm for Traffic Sign Detection",
}

@unpublished{17,
author="Marko Tkalcic and Jurij F. Tasic",
title="Colour spaces - perceptual, historical and applicational background",
}